@article{gulwani2016programming,
  title={Programming by Examples},
  author={Gulwani, Sumit},
  journal={Dependable Software Systems Engineering},
  volume={45},
  number={137},
  pages={3--15},
  year={2016},
  publisher={IOS Press}
}
@article{erdos1960evolution,
  title={On the evolution of random graphs},
  author={Erdos, Paul and R{\'e}nyi, Alfr{\'e}d},
  journal={Publ. Math. Inst. Hung. Acad. Sci},
  volume={5},
  number={1},
  pages={17--60},
  year={1960}
}
@inproceedings{aiello2000random,
  title={A random graph model for massive graphs},
  author={Aiello, William and Chung, Fan and Lu, Linyuan},
  booktitle={Proceedings of the thirty-second annual ACM symposium on Theory of computing},
  pages={171--180},
  year={2000},
  organization={ACM}
}

@book{easley2010networks,
  title={Networks, crowds, and markets: Reasoning about a highly connected world},
  author={Easley, David and Kleinberg, Jon},
  year={2010},
  publisher={Cambridge University Press}
}
@article{gulwani2012spreadsheet,
  title={Spreadsheet data manipulation using examples},
  author={Gulwani, Sumit and Harris, William R and Singh, Rishabh},
  journal={Communications of the ACM},
  volume={55},
  number={8},
  pages={97--105},
  year={2012},
  publisher={ACM}
}

@inproceedings{rolim2017learning,
  title={Learning syntactic program transformations from examples},
  author={Rolim, Reudismam and Soares, Gustavo and D'Antoni, Loris and Polozov, Oleksandr and Gulwani, Sumit and Gheyi, Rohit and Suzuki, Ryo and Hartmann, Bj{\"o}rn},
  booktitle={Proceedings of the 39th International Conference on Software Engineering},
  pages={404--415},
  year={2017},
  organization={IEEE Press}
}

@inproceedings{d2017nofaq,
  title={NoFAQ: Synthesizing command repairs from examples},
  author={D'Antoni, Loris and Singh, Rishabh and Vaughn, Michael},
  booktitle={Proceedings of the 2017 11th Joint Meeting on Foundations of Software Engineering},
  pages={582--592},
  year={2017},
  organization={ACM}
}

@misc{proj,
  title = {Project directory},
  howpublished = {\url{https://github.com/Lunaticalized/VSAandGraph}},
  note = {Accessed: 2018-10-03}
}

@misc{danielSpielman,
  author        = {Daniel A. Spielman},
  title         = {Random Graphs: Markov's Inequality},
  month         = {October},
  year          = {2007},
  publisher={Yale University}
}
